<record xmlns="http://www.loc.gov/MARC21/slim" xmlns:xsi="http://www.w3.org/2001/XMLSchema-instance" xsi:schemaLocation="http://www.loc.gov/MARC21/slim http://www.loc.gov/standards/marcxml/schema/MARC21slim.xsd"><leader>     nam a22        4500</leader><controlfield tag="001">3071190</controlfield><controlfield tag="003">NNC</controlfield><controlfield tag="006">m        d        </controlfield><controlfield tag="007">cr cn |||m|||a</controlfield><controlfield tag="008">150316s1936    ua a    o     000 dbara d</controlfield><datafield ind1=" " ind2=" " tag="040"><subfield code="a">NNU</subfield><subfield code="b">eng</subfield><subfield code="c">NNU</subfield></datafield><datafield ind1="1" ind2=" " tag="100"><subfield code="6">880-01</subfield><subfield code="a">H&#803;aki&#772;m, Tawfi&#772;q.</subfield></datafield><datafield ind1="1" ind2="0" tag="245"><subfield code="6">880-02</subfield><subfield code="a">Muh&#803;ammad</subfield><subfield code="h">[electronic resource].</subfield></datafield><datafield ind1=" " ind2=" " tag="260"><subfield code="6">880-03</subfield><subfield code="a">[al-Qa&#772;hirah] :</subfield><subfield code="b">Maktabat al-A&#772;da&#772;b,</subfield><subfield code="c">[1936]</subfield></datafield><datafield ind1=" " ind2=" " tag="300"><subfield code="a">online resource (426 p.) :</subfield><subfield code="b">illus.</subfield></datafield><datafield ind1=" " ind2=" " tag="500"><subfield code="a">Part of the Arabic Collections Online (ACO) project, contributed by Columbia University Libraries.</subfield></datafield><datafield ind1=" " ind2=" " tag="533"><subfield code="a">Electronic reproduction.</subfield><subfield code="b">New York, N.Y. :</subfield><subfield code="c">New York University,</subfield><subfield code="d">2015.</subfield><subfield code="5">NNU</subfield></datafield><datafield ind1="0" ind2="0" tag="600"><subfield code="6">880-04</subfield><subfield code="a">Muh&#803;ammad,</subfield><subfield code="c">Prophet,</subfield><subfield code="d">-632</subfield><subfield code="v">Drama.</subfield></datafield><datafield ind1="0" ind2="7" tag="600"><subfield code="a">Muh&#803;ammad,</subfield><subfield code="c">Prophet,</subfield><subfield code="d">-632.</subfield><subfield code="2">fast</subfield><subfield code="0">(OCoLC)fst01836298</subfield></datafield><datafield ind1=" " ind2="7" tag="655"><subfield code="a">Drama.</subfield><subfield code="2">fast</subfield><subfield code="0">(OCoLC)fst01423879</subfield></datafield><datafield ind1="2" ind2=" " tag="710"><subfield code="a">Columbia University.</subfield><subfield code="b">Libraries.</subfield></datafield><datafield ind1="0" ind2=" " tag="730"><subfield code="a">Arabic Collections Online.</subfield></datafield><datafield ind1="0" ind2="8" tag="776"><subfield code="i">Print version:</subfield><subfield code="a">H&#803;aki&#772;m, Tawfi&#772;q.</subfield><subfield code="t">Muh&#803;ammad</subfield><subfield code="w">(NNC)3071190</subfield><subfield code="w">(OCoLC)47813068</subfield></datafield><datafield ind1="4" ind2="0" tag="856"><subfield code="u">http://hdl.handle.net/2333.1/tdz08p41</subfield></datafield><datafield ind1="1" ind2=" " tag="880"><subfield code="6">100-01/r</subfield><subfield code="a">&#1581;&#1603;&#1610;&#1605;&#1548; &#1578;&#1608;&#1601;&#1610;&#1602;.</subfield></datafield><datafield ind1="1" ind2="0" tag="880"><subfield code="6">245-02/r</subfield><subfield code="a">&#1605;&#1581;&#1605;&#1583;.</subfield></datafield><datafield ind1=" " ind2=" " tag="880"><subfield code="6">260-03/r</subfield><subfield code="a">[&#1575;&#1604;&#1602;&#1575;&#1607;&#1585;&#1577;] :</subfield><subfield code="b">&#1605;&#1603;&#1578;&#1576;&#1577; &#1575;&#1604;&#1575;&#1583;&#1575;&#1576;&#1548;</subfield><subfield code="c">[1936]</subfield></datafield><datafield ind1="0" ind2="4" tag="880"><subfield code="6">600-04/r</subfield><subfield code="a">&#1605;&#1581;&#1605;&#1583;&#1548;</subfield><subfield code="c">&#1575;&#1604;&#1606;&#1576;&#1610; &#1548;</subfield><subfield code="d">632 .</subfield></datafield><datafield ind1=" " ind2=" " tag="959"><subfield code="a">NNU</subfield><subfield code="b">WEB</subfield><subfield code="c">GENI</subfield><subfield code="t">0</subfield><subfield code="m">Electronic access</subfield><subfield code="s">01</subfield></datafield><datafield ind1=" " ind2=" " tag="999"><subfield code="i">NNC_3071190</subfield><subfield code="o">(OCoLC)ocm47813068</subfield><subfield code="e">(ERROR-880)</subfield><subfield code="s">columbia_aco000230</subfield></datafield></record>